%YAML 1.1
%TAG !u! tag:unity3d.com,2011:
--- !u!1 &822769018475749901
GameObject:
  m_ObjectHideFlags: 0
  m_CorrespondingSourceObject: {fileID: 0}
  m_PrefabInstance: {fileID: 0}
  m_PrefabAsset: {fileID: 0}
  serializedVersion: 6
  m_Component:
  - component: {fileID: 6274417558704511582}
  m_Layer: 0
  m_Name: SM_ArmoireLuc
  m_TagString: Untagged
  m_Icon: {fileID: 0}
  m_NavMeshLayer: 0
  m_StaticEditorFlags: 0
  m_IsActive: 1
--- !u!4 &6274417558704511582
Transform:
  m_ObjectHideFlags: 0
  m_CorrespondingSourceObject: {fileID: 0}
  m_PrefabInstance: {fileID: 0}
  m_PrefabAsset: {fileID: 0}
  m_GameObject: {fileID: 822769018475749901}
  m_LocalRotation: {x: 0, y: 0, z: 0, w: 1}
  m_LocalPosition: {x: 43.78125, y: 33.15781, z: -13.293697}
  m_LocalScale: {x: 1, y: 1, z: 1}
  m_Children:
  - {fileID: 8880317358284253139}
  - {fileID: 8880317357677606781}
  - {fileID: 8880317357580526491}
  - {fileID: 8880317357002534676}
  - {fileID: 8880317357342768525}
  m_Father: {fileID: 0}
  m_RootOrder: 0
  m_LocalEulerAnglesHint: {x: 0, y: 0, z: 0}
--- !u!1001 &8986793328783245368
PrefabInstance:
  m_ObjectHideFlags: 0
  serializedVersion: 2
  m_Modification:
    m_TransformParent: {fileID: 6274417558704511582}
    m_Modifications:
    - target: {fileID: -8679921383154817045, guid: defba094bde0cb442878f672709660ef, type: 3}
      propertyPath: m_RootOrder
      value: 0
      objectReference: {fileID: 0}
    - target: {fileID: -8679921383154817045, guid: defba094bde0cb442878f672709660ef, type: 3}
      propertyPath: m_LocalScale.z
      value: 0.66669095
      objectReference: {fileID: 0}
    - target: {fileID: -8679921383154817045, guid: defba094bde0cb442878f672709660ef, type: 3}
      propertyPath: m_LocalPosition.x
      value: -43.78125
      objectReference: {fileID: 0}
    - target: {fileID: -8679921383154817045, guid: defba094bde0cb442878f672709660ef, type: 3}
      propertyPath: m_LocalPosition.y
      value: 60.44219
      objectReference: {fileID: 0}
    - target: {fileID: -8679921383154817045, guid: defba094bde0cb442878f672709660ef, type: 3}
      propertyPath: m_LocalPosition.z
      value: 13.293697
      objectReference: {fileID: 0}
    - target: {fileID: -8679921383154817045, guid: defba094bde0cb442878f672709660ef, type: 3}
      propertyPath: m_LocalRotation.w
      value: 0.7071068
      objectReference: {fileID: 0}
    - target: {fileID: -8679921383154817045, guid: defba094bde0cb442878f672709660ef, type: 3}
      propertyPath: m_LocalRotation.x
      value: 0.7071068
      objectReference: {fileID: 0}
    - target: {fileID: -8679921383154817045, guid: defba094bde0cb442878f672709660ef, type: 3}
      propertyPath: m_LocalRotation.y
      value: -0
      objectReference: {fileID: 0}
    - target: {fileID: -8679921383154817045, guid: defba094bde0cb442878f672709660ef, type: 3}
      propertyPath: m_LocalRotation.z
      value: -0
      objectReference: {fileID: 0}
    - target: {fileID: -8679921383154817045, guid: defba094bde0cb442878f672709660ef, type: 3}
      propertyPath: m_LocalEulerAnglesHint.x
      value: 0
      objectReference: {fileID: 0}
    - target: {fileID: -8679921383154817045, guid: defba094bde0cb442878f672709660ef, type: 3}
      propertyPath: m_LocalEulerAnglesHint.y
      value: 0
      objectReference: {fileID: 0}
    - target: {fileID: -8679921383154817045, guid: defba094bde0cb442878f672709660ef, type: 3}
      propertyPath: m_LocalEulerAnglesHint.z
      value: 0
      objectReference: {fileID: 0}
    - target: {fileID: -7511558181221131132, guid: defba094bde0cb442878f672709660ef, type: 3}
      propertyPath: m_Materials.Array.data[0]
      value: 
      objectReference: {fileID: 2100000, guid: 543e5e8a018a7f845aaabfee14a7f6bf, type: 2}
    - target: {fileID: 919132149155446097, guid: defba094bde0cb442878f672709660ef, type: 3}
      propertyPath: m_Name
      value: M_ArmoirLuc_Top
      objectReference: {fileID: 0}
    m_RemovedComponents: []
  m_SourcePrefab: {fileID: 100100000, guid: defba094bde0cb442878f672709660ef, type: 3}
--- !u!4 &8880317358284253139 stripped
Transform:
  m_CorrespondingSourceObject: {fileID: -8679921383154817045, guid: defba094bde0cb442878f672709660ef, type: 3}
  m_PrefabInstance: {fileID: 8986793328783245368}
  m_PrefabAsset: {fileID: 0}
--- !u!1001 &8986793329381773462
PrefabInstance:
  m_ObjectHideFlags: 0
  serializedVersion: 2
  m_Modification:
    m_TransformParent: {fileID: 6274417558704511582}
    m_Modifications:
    - target: {fileID: -8679921383154817045, guid: cb6899573aa205c40ba5098660e02057, type: 3}
      propertyPath: m_RootOrder
      value: 1
      objectReference: {fileID: 0}
    - target: {fileID: -8679921383154817045, guid: cb6899573aa205c40ba5098660e02057, type: 3}
      propertyPath: m_LocalScale.y
      value: 1.035
      objectReference: {fileID: 0}
    - target: {fileID: -8679921383154817045, guid: cb6899573aa205c40ba5098660e02057, type: 3}
      propertyPath: m_LocalPosition.x
      value: -43.78125
      objectReference: {fileID: 0}
    - target: {fileID: -8679921383154817045, guid: cb6899573aa205c40ba5098660e02057, type: 3}
      propertyPath: m_LocalPosition.y
      value: -33.157814
      objectReference: {fileID: 0}
    - target: {fileID: -8679921383154817045, guid: cb6899573aa205c40ba5098660e02057, type: 3}
      propertyPath: m_LocalPosition.z
      value: 12.493697
      objectReference: {fileID: 0}
    - target: {fileID: -8679921383154817045, guid: cb6899573aa205c40ba5098660e02057, type: 3}
      propertyPath: m_LocalRotation.w
      value: 0.7071068
      objectReference: {fileID: 0}
    - target: {fileID: -8679921383154817045, guid: cb6899573aa205c40ba5098660e02057, type: 3}
      propertyPath: m_LocalRotation.x
      value: 0.7071068
      objectReference: {fileID: 0}
    - target: {fileID: -8679921383154817045, guid: cb6899573aa205c40ba5098660e02057, type: 3}
      propertyPath: m_LocalRotation.y
      value: -0
      objectReference: {fileID: 0}
    - target: {fileID: -8679921383154817045, guid: cb6899573aa205c40ba5098660e02057, type: 3}
      propertyPath: m_LocalRotation.z
      value: -0
      objectReference: {fileID: 0}
    - target: {fileID: -8679921383154817045, guid: cb6899573aa205c40ba5098660e02057, type: 3}
      propertyPath: m_LocalEulerAnglesHint.x
      value: 0
      objectReference: {fileID: 0}
    - target: {fileID: -8679921383154817045, guid: cb6899573aa205c40ba5098660e02057, type: 3}
      propertyPath: m_LocalEulerAnglesHint.y
      value: 0
      objectReference: {fileID: 0}
    - target: {fileID: -8679921383154817045, guid: cb6899573aa205c40ba5098660e02057, type: 3}
      propertyPath: m_LocalEulerAnglesHint.z
      value: 0
      objectReference: {fileID: 0}
    - target: {fileID: -7511558181221131132, guid: cb6899573aa205c40ba5098660e02057, type: 3}
      propertyPath: m_Materials.Array.data[0]
      value: 
      objectReference: {fileID: 2100000, guid: 8b382a02dee6ba54d93d34ed7ce4c2c3, type: 2}
    - target: {fileID: 919132149155446097, guid: cb6899573aa205c40ba5098660e02057, type: 3}
      propertyPath: m_Name
      value: M_ArmoireLuc_InteriorBottom (1)
      objectReference: {fileID: 0}
    m_RemovedComponents: []
  m_SourcePrefab: {fileID: 100100000, guid: cb6899573aa205c40ba5098660e02057, type: 3}
--- !u!4 &8880317357677606781 stripped
Transform:
  m_CorrespondingSourceObject: {fileID: -8679921383154817045, guid: cb6899573aa205c40ba5098660e02057, type: 3}
  m_PrefabInstance: {fileID: 8986793329381773462}
  m_PrefabAsset: {fileID: 0}
--- !u!1001 &8986793329487234160
PrefabInstance:
  m_ObjectHideFlags: 0
  serializedVersion: 2
  m_Modification:
    m_TransformParent: {fileID: 6274417558704511582}
    m_Modifications:
    - target: {fileID: -8679921383154817045, guid: 94433cb969f34ea48b6f10ec25c9e323, type: 3}
      propertyPath: m_RootOrder
      value: 2
      objectReference: {fileID: 0}
    - target: {fileID: -8679921383154817045, guid: 94433cb969f34ea48b6f10ec25c9e323, type: 3}
      propertyPath: m_LocalScale.z
      value: 2.5731707
      objectReference: {fileID: 0}
    - target: {fileID: -8679921383154817045, guid: 94433cb969f34ea48b6f10ec25c9e323, type: 3}
      propertyPath: m_LocalPosition.x
      value: -43.78125
      objectReference: {fileID: 0}
    - target: {fileID: -8679921383154817045, guid: 94433cb969f34ea48b6f10ec25c9e323, type: 3}
      propertyPath: m_LocalPosition.y
      value: 11.84219
      objectReference: {fileID: 0}
    - target: {fileID: -8679921383154817045, guid: 94433cb969f34ea48b6f10ec25c9e323, type: 3}
      propertyPath: m_LocalPosition.z
      value: 13.293697
      objectReference: {fileID: 0}
    - target: {fileID: -8679921383154817045, guid: 94433cb969f34ea48b6f10ec25c9e323, type: 3}
      propertyPath: m_LocalRotation.w
      value: 0.7071068
      objectReference: {fileID: 0}
    - target: {fileID: -8679921383154817045, guid: 94433cb969f34ea48b6f10ec25c9e323, type: 3}
      propertyPath: m_LocalRotation.x
      value: 0.7071068
      objectReference: {fileID: 0}
    - target: {fileID: -8679921383154817045, guid: 94433cb969f34ea48b6f10ec25c9e323, type: 3}
      propertyPath: m_LocalRotation.y
      value: -0
      objectReference: {fileID: 0}
    - target: {fileID: -8679921383154817045, guid: 94433cb969f34ea48b6f10ec25c9e323, type: 3}
      propertyPath: m_LocalRotation.z
      value: -0
      objectReference: {fileID: 0}
    - target: {fileID: -8679921383154817045, guid: 94433cb969f34ea48b6f10ec25c9e323, type: 3}
      propertyPath: m_LocalEulerAnglesHint.x
      value: 0
      objectReference: {fileID: 0}
    - target: {fileID: -8679921383154817045, guid: 94433cb969f34ea48b6f10ec25c9e323, type: 3}
      propertyPath: m_LocalEulerAnglesHint.y
      value: 0
      objectReference: {fileID: 0}
    - target: {fileID: -8679921383154817045, guid: 94433cb969f34ea48b6f10ec25c9e323, type: 3}
      propertyPath: m_LocalEulerAnglesHint.z
      value: 0
      objectReference: {fileID: 0}
    - target: {fileID: -7511558181221131132, guid: 94433cb969f34ea48b6f10ec25c9e323, type: 3}
      propertyPath: m_Materials.Array.data[0]
      value: 
      objectReference: {fileID: 2100000, guid: 543e5e8a018a7f845aaabfee14a7f6bf, type: 2}
    - target: {fileID: 919132149155446097, guid: 94433cb969f34ea48b6f10ec25c9e323, type: 3}
      propertyPath: m_Name
      value: M_ArmoirLuc_Bottom 1
      objectReference: {fileID: 0}
    m_RemovedComponents: []
  m_SourcePrefab: {fileID: 100100000, guid: 94433cb969f34ea48b6f10ec25c9e323, type: 3}
--- !u!4 &8880317357580526491 stripped
Transform:
  m_CorrespondingSourceObject: {fileID: -8679921383154817045, guid: 94433cb969f34ea48b6f10ec25c9e323, type: 3}
  m_PrefabInstance: {fileID: 8986793329487234160}
  m_PrefabAsset: {fileID: 0}
--- !u!1001 &8986793329716615782
PrefabInstance:
  m_ObjectHideFlags: 0
  serializedVersion: 2
  m_Modification:
    m_TransformParent: {fileID: 6274417558704511582}
    m_Modifications:
    - target: {fileID: -8679921383154817045, guid: defba094bde0cb442878f672709660ef, type: 3}
      propertyPath: m_RootOrder
      value: 4
      objectReference: {fileID: 0}
    - target: {fileID: -8679921383154817045, guid: defba094bde0cb442878f672709660ef, type: 3}
      propertyPath: m_LocalScale.z
      value: 0.20282075
      objectReference: {fileID: 0}
    - target: {fileID: -8679921383154817045, guid: defba094bde0cb442878f672709660ef, type: 3}
      propertyPath: m_LocalPosition.x
      value: -43.78125
      objectReference: {fileID: 0}
    - target: {fileID: -8679921383154817045, guid: defba094bde0cb442878f672709660ef, type: 3}
      propertyPath: m_LocalPosition.y
      value: -32.05781
      objectReference: {fileID: 0}
    - target: {fileID: -8679921383154817045, guid: defba094bde0cb442878f672709660ef, type: 3}
      propertyPath: m_LocalPosition.z
      value: 13.293697
      objectReference: {fileID: 0}
    - target: {fileID: -8679921383154817045, guid: defba094bde0cb442878f672709660ef, type: 3}
      propertyPath: m_LocalRotation.w
      value: 0.7071068
      objectReference: {fileID: 0}
    - target: {fileID: -8679921383154817045, guid: defba094bde0cb442878f672709660ef, type: 3}
      propertyPath: m_LocalRotation.x
      value: 0.7071068
      objectReference: {fileID: 0}
    - target: {fileID: -8679921383154817045, guid: defba094bde0cb442878f672709660ef, type: 3}
      propertyPath: m_LocalRotation.y
      value: -0
      objectReference: {fileID: 0}
    - target: {fileID: -8679921383154817045, guid: defba094bde0cb442878f672709660ef, type: 3}
      propertyPath: m_LocalRotation.z
      value: -0
      objectReference: {fileID: 0}
    - target: {fileID: -8679921383154817045, guid: defba094bde0cb442878f672709660ef, type: 3}
      propertyPath: m_LocalEulerAnglesHint.x
      value: 0
      objectReference: {fileID: 0}
    - target: {fileID: -8679921383154817045, guid: defba094bde0cb442878f672709660ef, type: 3}
      propertyPath: m_LocalEulerAnglesHint.y
      value: 0
      objectReference: {fileID: 0}
    - target: {fileID: -8679921383154817045, guid: defba094bde0cb442878f672709660ef, type: 3}
      propertyPath: m_LocalEulerAnglesHint.z
      value: 0
      objectReference: {fileID: 0}
    - target: {fileID: -7511558181221131132, guid: defba094bde0cb442878f672709660ef, type: 3}
      propertyPath: m_Materials.Array.data[0]
      value: 
      objectReference: {fileID: 2100000, guid: 543e5e8a018a7f845aaabfee14a7f6bf, type: 2}
    - target: {fileID: 919132149155446097, guid: defba094bde0cb442878f672709660ef, type: 3}
      propertyPath: m_Name
      value: M_ArmoirLuc_Top (1)
      objectReference: {fileID: 0}
    m_RemovedComponents: []
  m_SourcePrefab: {fileID: 100100000, guid: defba094bde0cb442878f672709660ef, type: 3}
--- !u!4 &8880317357342768525 stripped
Transform:
  m_CorrespondingSourceObject: {fileID: -8679921383154817045, guid: defba094bde0cb442878f672709660ef, type: 3}
  m_PrefabInstance: {fileID: 8986793329716615782}
  m_PrefabAsset: {fileID: 0}
--- !u!1001 &8986793330031610111
PrefabInstance:
  m_ObjectHideFlags: 0
  serializedVersion: 2
  m_Modification:
    m_TransformParent: {fileID: 6274417558704511582}
    m_Modifications:
    - target: {fileID: -8679921383154817045, guid: fe10375c623c18c48b36881a53307bc3, type: 3}
      propertyPath: m_RootOrder
      value: 3
      objectReference: {fileID: 0}
    - target: {fileID: -8679921383154817045, guid: fe10375c623c18c48b36881a53307bc3, type: 3}
      propertyPath: m_LocalPosition.x
      value: -43.78125
      objectReference: {fileID: 0}
    - target: {fileID: -8679921383154817045, guid: fe10375c623c18c48b36881a53307bc3, type: 3}
      propertyPath: m_LocalPosition.y
      value: 47.942196
      objectReference: {fileID: 0}
    - target: {fileID: -8679921383154817045, guid: fe10375c623c18c48b36881a53307bc3, type: 3}
      propertyPath: m_LocalPosition.z
      value: 13.293697
      objectReference: {fileID: 0}
    - target: {fileID: -8679921383154817045, guid: fe10375c623c18c48b36881a53307bc3, type: 3}
      propertyPath: m_LocalRotation.w
      value: 0.7071068
      objectReference: {fileID: 0}
    - target: {fileID: -8679921383154817045, guid: fe10375c623c18c48b36881a53307bc3, type: 3}
      propertyPath: m_LocalRotation.x
      value: 0.7071068
      objectReference: {fileID: 0}
    - target: {fileID: -8679921383154817045, guid: fe10375c623c18c48b36881a53307bc3, type: 3}
      propertyPath: m_LocalRotation.y
      value: -0
      objectReference: {fileID: 0}
    - target: {fileID: -8679921383154817045, guid: fe10375c623c18c48b36881a53307bc3, type: 3}
      propertyPath: m_LocalRotation.z
      value: -0
      objectReference: {fileID: 0}
    - target: {fileID: -8679921383154817045, guid: fe10375c623c18c48b36881a53307bc3, type: 3}
      propertyPath: m_LocalEulerAnglesHint.x
      value: 0
      objectReference: {fileID: 0}
    - target: {fileID: -8679921383154817045, guid: fe10375c623c18c48b36881a53307bc3, type: 3}
      propertyPath: m_LocalEulerAnglesHint.y
      value: 0
      objectReference: {fileID: 0}
    - target: {fileID: -8679921383154817045, guid: fe10375c623c18c48b36881a53307bc3, type: 3}
      propertyPath: m_LocalEulerAnglesHint.z
      value: 0
      objectReference: {fileID: 0}
    - target: {fileID: -7511558181221131132, guid: fe10375c623c18c48b36881a53307bc3, type: 3}
      propertyPath: m_Materials.Array.data[0]
      value: 
      objectReference: {fileID: 2100000, guid: 2377151decbd37d4a96a5c3e7ccfb6e4, type: 2}
    - target: {fileID: 919132149155446097, guid: fe10375c623c18c48b36881a53307bc3, type: 3}
      propertyPath: m_Name
      value: M_ArmoirLuc_InteriorTop
      objectReference: {fileID: 0}
    m_RemovedComponents: []
  m_SourcePrefab: {fileID: 100100000, guid: fe10375c623c18c48b36881a53307bc3, type: 3}
--- !u!4 &8880317357002534676 stripped
Transform:
  m_CorrespondingSourceObject: {fileID: -8679921383154817045, guid: fe10375c623c18c48b36881a53307bc3, type: 3}
  m_PrefabInstance: {fileID: 8986793330031610111}
  m_PrefabAsset: {fileID: 0}
